@inproceedings{cav22, 
author={Goubault, Eric and Putot,Sylvie},
title={RINO: Robust INner and Outer Approximated Reachability of Neural Networks Controlled Systems},
year={2022},
booktitle={Submitted as tool paper to CAV 2022}
}

@inproceedings{adaptive21, author = {Wetzlinger, Mark and Kulmburg, Adrian and Althoff, Matthias}, title = {Adaptive Parameter Tuning for Reachability Analysis of Nonlinear Systems}, year = {2021}, publisher = {Association for Computing Machinery}, 
booktitle = {Proceedings of the 24th International Conference on Hybrid Systems: Computation and Control}, 
series = {HSCC '21} }


@Article{filib,
  author =       "M. Lerch and G. Tischler and J. W. von Gudenberg and W. Hofschuster and W. Kramer",
  title =        "filib++, a Fast Interval Library Supporting Containment Computations",
  journal =      "{ACM} Trans. Math. Soft.",
  year =         "2006"
}

@misc{schilling2021verification,
      title={Verification of Neural-Network Control Systems by Integrating Taylor Models and Zonotopes}, 
      author={Christian Schilling and Marcelo Forets and Sebastian Guadalupe},
      year={2021},
      eprint={2112.09197},
      archivePrefix={arXiv},
      primaryClass={eess.SY}
}

@misc{clavière2020safety,
      title={Safety Verification of Neural Network Controlled Systems}, 
      author={Arthur Clavière and Eric Asselin and Christophe Garion and Claire Pagetti},
      year={2020},
      eprint={2011.05174},
      archivePrefix={arXiv},
      primaryClass={cs.AI}
}

@misc{huang2021polar,
      title={POLAR: A Polynomial Arithmetic Framework for Verifying Neural-Network Controlled Systems}, 
      author={Chao Huang and Jiameng Fan and Xin Chen and Wenchao Li and Qi Zhu},
      year={2021},
      eprint={2106.13867},
      archivePrefix={arXiv},
      primaryClass={eess.SY}
}

@inproceedings{ARCH20,
  author    = {Taylor T Johnson and Diego Manzanas Lopez and Patrick Musau and Hoang-Dung Tran and Elena Botoeva and Francesco Leofante and Amir Maleki and Chelsea Sidrane and Jiameng Fan and Chao Huang},
  title     = {ARCH-COMP20 Category Report: Artificial Intelligence and Neural Network Control Systems ({AINNCS}) for Continuous and Hybrid Systems Plants},
  booktitle = {ARCH20. 7th International Workshop on Applied Verification of Continuous and Hybrid Systems (ARCH20)},
  series    = {EPiC Series in Computing},
  volume    = {74},
  pages     = {107--139},
  year      = {2020},
  publisher = {EasyChair},
  doi       = {10.29007/9xgv}}
  
@InProceedings{Mitchell07,
author="Mitchell, Ian M.",
editor="Bemporad, Alberto
and Bicchi, Antonio
and Buttazzo, Giorgio",
title="Comparing Forward and Backward Reachability as Tools for Safety Analysis",
booktitle="Hybrid Systems: Computation and Control",
year="2007",
publisher="Springer Berlin Heidelberg",
address="Berlin, Heidelberg",
pages="428--443",
isbn="978-3-540-71493-4"
}


@article{com-sto-93-aa,
        author = {Comba, Jo\tilde{a}o  and Stolfi, Jorge},
        title = {Affine arithmetic and its applications to computer graphics},
        year = 1993,
        journal = {In SIBGRAPI}
}

@inproceedings{dutta_nfm18,
  author = {Dutta, Souradeep and Jha, Susmit and Sankaranarayanan, Sriram and Tiwari, Ashish},
  booktitle = {NFM},
  editor = {Dutle, Aaron and Muñoz, César A. and Narkawicz, Anthony},
  pages = {121-138},
  publisher = {Springer},
  series = {Lecture Notes in Computer Science},
  title = {Output Range Analysis for Deep Feedforward Neural Networks.},
  year = 2018
}

@article{sherlock,
  title={Sherlock : A Tool for Verification of Deep Neural Networks},
  author={S. Dutta and T. Kushner and S. Jha and S. Sankaranarayanana and N. Shankar and A. Tiwari},
  year={2019}
}

@article{adhs19,
    title={Learning and Verification of Feedback Control Systems using Feedforward Neural Networks},
    author={S. Dutta and S. Jha and S. Sankaranarayanan and A. Tiwari},
    year={2019}
}

@article{verisig,
    title={Verisig: verifying safety properties of hybrid systems with neural network controllers},
    author={R. Ivanov and J. Weimer and R. Alur and G. J. Pappas and I. Lee},
    year={2019}
}

@InProceedings{verisig2,
author="Ivanov, Radoslav
and Carpenter, Taylor
and Weimer, James
and Alur, Rajeev
and Pappas, George
and Lee, Insup",
title="Verisig 2.0: Verification of Neural Network Controllers Using Taylor Model Preconditioning",
booktitle="Computer Aided Verification",
year="2021",
publisher="Springer International Publishing",
pages="249--262"
}

@article{hscc20,
    title={Case Study: Verifying the Safety of an Autonomous Racing Car with a Neural Network Controller},
    author={R. Ivanov and T. J. Carpenter and J. Weimer and R. Alur and George J. Pappas and I. Lee},
    year={2020}
}

@article{rann19,
    title={Reachability Analysis for Neural Feedback Systems using
Regressive Rule Inference},
    author={S. Dutta and X. Chen and S. Sankaranarayanan},
    year={2019}
}

@inproceedings{polyzono, 
author = {Althoff, Matthias}, 
title = {Reachability Analysis of Nonlinear Systems Using Conservative Polynomialization and Non-Convex Sets}, 
year = {2013}, 
isbn = {9781450315678}, 
publisher = {Association for Computing Machinery}, address = {New York, NY, USA}, 
url = {https://doi.org/10.1145/2461328.2461358}, 
doi = {10.1145/2461328.2461358}, 
 pages = {173–182}, 
 numpages = {10}, 
keywords = {reachability analysis, difference inclusion, hybrid systems, polynomial zonotopes, nonlinear dynamics}, 
location = {Philadelphia, Pennsylvania, USA}, series = {HSCC '13} }


@inproceedings{adhs21,
  author    = {Eric Goubault and
               Sylvie Putot},
  editor    = {Rapha{\"{e}}l M. Jungers and
               Necmiye Ozay and
               Alessandro Abate},
  title     = {Tractable higher-order under-approximating {AE} extensions for non-linear
               systems},
  booktitle = {ADHS 2021},
  series    = {IFAC-PapersOnLine},
  volume    = {54},
  number    = {5},
  pages     = {235--240},
  publisher = {Elsevier},
  year      = {2021}
}

@ARTICLE{lcss2020,
  author={E. {Goubault} and S. {Putot}},
  journal={IEEE Control Systems Letters}, 
  title={Robust Under-Approximations and Application to Reachability of Non-Linear Control Systems With Disturbances}, 
  year={2020},
  volume={4},
  number={4},
  pages={928-933},}

@inproceedings{hscc2017,
  author    = {E. Goubault and
               S. Putot},
  title     = {Forward Inner-Approximated Reachability of Non-Linear Continuous Systems},
  booktitle = {{HSCC}},
  @pages     = {1--10},
  publisher = {{ACM}},
  year      = {2017}
}

@inproceedings{hscc19,
  author    = {Eric Goubault and
               Sylvie Putot},
  title     = {Inner and outer reachability for the verification of control systems},
  booktitle = {Proceedings of the 22nd {ACM} International Conference on Hybrid Systems:
               Computation and Control, {HSCC} 2019, Montreal, QC, Canada, April
               16-18, 2019},
  pages     = {11--22},
  publisher = {{ACM}},
  year      = {2019}
}

@inproceedings{cav18,
	author        = "Eric Goubault and Sylvie Putot and Lorenz Sahlmann",
	booktitle     = "{Proceedings of the 30th International Conference on Computer Aided Verification, Part II}",
	pages         = "523--541",
	publisher     = "{Springer}",
	title         = "{Inner and Outer Approximating Flowpipes for Delay Differential Equations}",
	year          = 2018,
}

@article{interval,
    title={Introduction to Interval Computations},
    author={G. Alefeld, Herzberger},
    journal={Academic Press, New York, NY},
    year={1983}
}

@INPROCEEDINGS{flowstar,
  author={X. {Chen} and E. {Ábrahám} and S. {Sankaranarayanan}},
  booktitle={2012 IEEE 33rd Real-Time Systems Symposium}, 
  title={Taylor Model Flowpipe Construction for Non-linear Hybrid Systems}, 
  year={2012},
  volume={},
  number={},
  pages={183-192},}
  
@inproceedings{RINO,
author = {Goubault, Eric and Putot, Sylvie},
title = {Inner and Outer Reachability for the Verification of Control Systems},
year = {2019},
isbn = {9781450362825},
publisher = {Association for Computing Machinery},
address = {New York, NY, USA},
url = {https://doi.org/10.1145/3302504.3311794},
doi = {10.1145/3302504.3311794},
booktitle = {Proceedings of the 22nd ACM International Conference on Hybrid Systems: Computation and Control},
pages = {11–22},
numpages = {12},
series = {HSCC '19}
}

@inproceedings{NEURIPS2018_d04863f1,
 author = {Zhang, Huan and Weng, Tsui-Wei and Chen, Pin-Yu and Hsieh, Cho-Jui and Daniel, Luca},
 booktitle = {Advances in Neural Information Processing Systems},
 editor = {S. Bengio and H. Wallach and H. Larochelle and K. Grauman and N. Cesa-Bianchi and R. Garnett},
 pages = {4939--4948},
 publisher = {Curran Associates, Inc.},
 title = {Efficient Neural Network Robustness Certification with General Activation Functions},
 url = {https://proceedings.neurips.cc/paper/2018/file/d04863f100d59b3eb688a11f95b0ae60-Paper.pdf},
 volume = {31},
 year = {2018}
}

  
@InProceedings{10.1007/978-3-030-30942-8_39,
author="Tran, Hoang-Dung
and Manzanas Lopez, Diago
and Musau, Patrick
and Yang, Xiaodong
and Nguyen, Luan Viet
and Xiang, Weiming
and Johnson, Taylor T.",
editor="ter Beek, Maurice H.
and McIver, Annabelle
and Oliveira, Jos{\'e} N.",
title="Star-Based Reachability Analysis of Deep Neural Networks",
booktitle="Formal Methods -- The Next 30 Years",
year="2019",
publisher="Springer International Publishing",
address="Cham",
pages="670--686"
}


@InProceedings{nnv20,
author="Tran, Hoang-Dung
and Yang, Xiaodong
and Manzanas Lopez, Diego
and Musau, Patrick
and Nguyen, Luan Viet
and Xiang, Weiming
and Bak, Stanley
and Johnson, Taylor T.",
editor="Lahiri, Shuvendu K.
and Wang, Chao",
title="NNV: The Neural Network Verification Tool for Deep Neural Networks and Learning-Enabled Cyber-Physical Systems",
booktitle="Computer Aided Verification",
year="2020",
pages="3--17"
 }




@InProceedings{10.1007/978-3-030-53288-8_2,
author="Tran, Hoang-Dung
and Bak, Stanley
and Xiang, Weiming
and Johnson, Taylor T.",
editor="Lahiri, Shuvendu K.
and Wang, Chao",
title="Verification of Deep Convolutional Neural Networks Using ImageStars",
booktitle="Computer Aided Verification",
year="2020",
publisher="Springer International Publishing",
pages="18--42"
}

@inproceedings{cnn-cert2019,
  author = "Akhilan Boopathy AND Tsui-Wei Weng AND Pin-Yu Chen AND Sijia Liu AND Luca Daniel",
  title = "CNN-Cert: An Efficient Framework for Certifying Robustness of Convolutional
Neural Networks",
  booktitle = "AAAI",
  year = "2019",
  month = "Jan"
}

@article{fcrown, 
title={Fastened CROWN: Tightened Neural Network Robustness Certificates}, 
journal={Proceedings of the AAAI Conference on Artificial Intelligence}, 
author={Lyu, Zhaoyang and Ko, Ching-Yun and Kong, Zhifeng and Wong, Ngai and Lin, Dahua and Daniel, Luca}, 
year={2020},
pages={5037-5044}
}

@inproceedings{popqorn,
  author    = {Ching{-}Yun Ko and
               Zhaoyang Lyu and
               Lily Weng and
               Luca Daniel and
               Ngai Wong and
               Dahua Lin},
  editor    = {Kamalika Chaudhuri and
               Ruslan Salakhutdinov},
  title     = {{POPQORN:} Quantifying Robustness of Recurrent Neural Networks},
  booktitle = {Proceedings of the 36th International Conference on Machine Learning,
               {ICML} 2019, 9-15 June 2019, Long Beach, California, {USA}},
  series    = {Proceedings of Machine Learning Research},
  volume    = {97},
  pages     = {3468--3477},
  publisher = {{PMLR}},
  year      = {2019}
}

@inproceedings{DBLP:conf/atva/JacobyBK20,
  author    = {Yuval Jacoby and
               Clark W. Barrett and
               Guy Katz},
  editor    = {Dang Van Hung and
               Oleg Sokolsky},
  title     = {Verifying Recurrent Neural Networks Using Invariant Inference},
  booktitle = {Automated Technology for Verification and Analysis - 18th International
               Symposium, {ATVA} 2020, Hanoi, Vietnam, October 19-23, 2020, Proceedings},
  series    = {Lecture Notes in Computer Science},
  volume    = {12302},
  pages     = {57--74},
  publisher = {Springer},
  year      = {2020}
}


@inproceedings{verinet20,
  author    = {Patrick Henriksen and
               Alessio R. Lomuscio},
  editor    = {Giuseppe De Giacomo and
               Alejandro Catal{\'{a}} and
               Bistra Dilkina and
               Michela Milano and
               Sen{\'{e}}n Barro and
               Alberto Bugar{\'{\i}}n and
               J{\'{e}}r{\^{o}}me Lang},
  title     = {Efficient Neural Network Verification via Adaptive Refinement and
               Adversarial Search},
  booktitle = {{ECAI} 2020 - 24th European Conference on Artificial Intelligence,
                2020 - Including 10th Conference on Prestigious
               Applications of Artificial Intelligence {(PAIS} 2020)},
  series    = {Frontiers in Artificial Intelligence and Applications},
  volume    = {325},
  pages     = {2513--2520},
  publisher = {{IOS} Press},
  year      = {2020}
}

@article{deeppoly,
author = {Singh, Gagandeep and Gehr, Timon and P\"{u}schel, Markus and Vechev, Martin},
title = {An Abstract Domain for Certifying Neural Networks},
year = {2019},
number = {POPL},
journal = {Proc. ACM Program. Lang.},
}

@inproceedings{deepz,
  author    = {Gagandeep Singh and
               Timon Gehr and
               Matthew Mirman and
               Markus P{\"{u}}schel and
               Martin T. Vechev},
  title     = {Fast and Effective Robustness Certification},
  booktitle = {Advances in Neural Information Processing Systems, NeurIPS},
  pages     = {10825--10836},
  year      = {2018}
}

@InProceedings{reluplex,
author="Katz, Guy
and Barrett, Clark
and Dill, David L.
and Julian, Kyle
and Kochenderfer, Mykel J.",
editor="Majumdar, Rupak
and Kun{\v{c}}ak, Viktor",
title="Reluplex: An Efficient SMT Solver for Verifying Deep Neural Networks",
booktitle="Computer Aided Verification",
year="2017",
publisher="Springer International Publishing",
address="Cham",
pages="97--117"
}

@InProceedings{marabou,
author="Katz, Guy
and Huang, Derek A.
and Ibeling, Duligur
and Julian, Kyle
and Lazarus, Christopher
and Lim, Rachel
and Shah, Parth
and Thakoor, Shantanu
and Wu, Haoze
and Zelji{\'{c}}, Aleksandar
and Dill, David L.
and Kochenderfer, Mykel J.
and Barrett, Clark",
title="The Marabou Framework for Verification and Analysis of Deep Neural Networks",
booktitle="Computer Aided Verification",
year="2019",
publisher="Springer International Publishing",
pages="443--452"
}

@InProceedings{nnenum,
author="Bak, Stanley
and Tran, Hoang-Dung
and Hobbs, Kerianne
and Johnson, Taylor T.",
title="Improved Geometric Path Enumeration for Verifying ReLU Neural Networks",
booktitle="Computer Aided Verification",
year="2020",
publisher="Springer International Publishing",
address="Cham",
pages="66--96"
}

@misc{tjeng2019evaluating,
      title={Evaluating Robustness of Neural Networks with Mixed Integer Programming}, 
      author={Vincent Tjeng and Kai Xiao and Russ Tedrake},
      year={2019},
      eprint={1711.07356},
      archivePrefix={arXiv},
      primaryClass={cs.LG}
}

@inproceedings{neurify,
  author    = {Shiqi Wang and
               Kexin Pei and
               Justin Whitehouse and
               Junfeng Yang and
               Suman Jana},
  title     = {Efficient Formal Safety Analysis of Neural Networks},
  booktitle = {Advances in Neural Information Processing Systems 31: Annual Conference
               on Neural Information Processing Systems 2018, NeurIPS 2018, December
               3-8, 2018, Montr{\'{e}}al, Canada},
  pages     = {6369--6379},
  year      = {2018}
}

@inproceedings{reluval,
author = {Wang, Shiqi and Pei, Kexin and Whitehouse, Justin and Yang, Junfeng and Jana, Suman},
title = {Formal Security Analysis of Neural Networks Using Symbolic Intervals},
year = {2018},
isbn = {9781931971461},
address = {USA},
pages = {1599–1614},
series = {SEC'18}
}

@article{reachnn,
author = {Huang, Chao and Fan, Jiameng and Li, Wenchao and Chen, Xin and Zhu, Qi},
title = {ReachNN: Reachability Analysis of Neural-Network Controlled Systems},
year = {2019},
volume = {18},
journal = {ACM Trans. Embed. Comput. Syst.}
}

@inproceedings{reachnnstar,
  author    = {Jiameng Fan and
               Chao Huang and
               Xin Chen and
               Wenchao Li and
               Qi Zhu},
  title     = {ReachNN*: {A} Tool for Reachability Analysis of Neural-Network Controlled
               Systems},
  booktitle = {Automated Technology for Verification and Analysis - 18th International
               Symposium, {ATVA} 2020, Hanoi, Vietnam, October 19-23, 2020, Proceedings},
  series    = {Lecture Notes in Computer Science},
  volume    = {12302},
  pages     = {537--542},
  publisher = {Springer},
  year      = {2020}
}

@inproceedings{cora,
	author = {Althoff, M.},
	title = {An Introduction to {CORA} 2015},
	booktitle = {Proc. of the Workshop on Applied Verification for Continuous and Hybrid Systems},
	year = {2015},
}

@InProceedings{mpt,
author="Kvasnica, Michal
and Grieder, Pascal
and Baoti{\'{c}}, Mato
and Morari, Manfred",
editor="Alur, Rajeev
and Pappas, George J.",
title="Multi-Parametric Toolbox (MPT)",
booktitle="Hybrid Systems: Computation and Control",
year="2004",
publisher="Springer Berlin Heidelberg",
pages="448--462"
}

@inproceedings{dlv,
  author    = {Xiaowei Huang and
               Marta Kwiatkowska and
               Sen Wang and
               Min Wu},
    title     = {Safety Verification of Deep Neural Networks},
  booktitle = {CAV               2017, Heidelberg, Germany, July 24-28, 2017, Proceedings, Part {I}},
  series    = {Lecture Notes in Computer Science},
  volume    = {10426},
  pages     = {3--29},
  publisher = {Springer},
  year      = {2017}
}
